@article{DBLP:journals/corr/abs-1901-08149,
  author    = {Thomas Wolf and
               Victor Sanh and
               Julien Chaumond and
               Clement Delangue},
  title     = {TransferTransfo: {A} Transfer Learning Approach for Neural Network
               Based Conversational Agents},
  journal   = {CoRR},
  volume    = {abs/1901.08149},
  year      = {2019},
  url       = {http://arxiv.org/abs/1901.08149},
  archivePrefix = {arXiv},
  eprint    = {1901.08149},
  timestamp = {Tue, 02 Jun 2020 12:48:58 +0200},
  biburl    = {https://dblp.org/rec/journals/corr/abs-1901-08149.bib},
  bibsource = {dblp computer science bibliography, https://dblp.org}
}
